%% This BibTeX bibliography file was created using BibDesk.
%% https://bibdesk.sourceforge.io/

%% Created for Adib Shaker at 2024-01-20 19:28:47 +0100 


%% Saved with string encoding Unicode (UTF-8) 



@url{ATLASweb,
	author = {CERN},
	date-added = {2024-01-20 17:53:47 +0100},
	date-modified = {2024-01-20 17:56:29 +0100},
	keywords = {ATLAS, CERN},
	lastchecked = {2024-01-19},
	month = {January},
	title = {ATLAS Experiment},
	url = {https://atlas.cern/},
	urldate = {2024-01-19},
	year = {2024}}

@article{Barnett_2011,
	author = {Barnett, R M and Johansson, K E and Kourkoumelis, C and Long, L and Pequenao, J and Reimers, C and Watkins, P},
	date-added = {2024-01-20 17:49:16 +0100},
	date-modified = {2024-01-20 17:49:16 +0100},
	doi = {10.1088/0031-9120/47/1/28},
	issn = {1361-6552},
	journal = {Physics Education},
	month = dec,
	number = {1},
	pages = {28--37},
	publisher = {IOP Publishing},
	title = {Learning with the ATLAS experiment at CERN},
	url = {http://dx.doi.org/10.1088/0031-9120/47/1/28},
	volume = {47},
	year = {2011},
	bdsk-url-1 = {http://dx.doi.org/10.1088/0031-9120/47/1/28}}
